@article{xochicale2020,
author = "Miguel Xochicale",
title = "{open-corTeX: A continuous integration framework for open scientific communication}",
journal = {Reproducibility, Replicability and Trust in Science},
year = "2020",
month = "9",
url = "https://figshare.com/articles/poster/open-corTeX_A_continuous_integration_framework_for_open_scientific_communication/12927701",
doi = "10.6084/m9.figshare.12927701.v1"
}

@article{Diederich2022,
author={Diederich, Benedict
and M{\"u}llenbroich, Caroline
and Vladimirov, Nikita
and Bowman, Richard
and Stirling, Julian
and Reynaud, Emmanuel G.
and Andreev, Andrey},
title={CAD we share? Publishing reproducible microscope hardware},
journal={Nature Methods},
year={2022},
month={May},
day={04},
issn={1548-7105},
doi={10.1038/s41592-022-01484-5},
url={https://doi.org/10.1038/s41592-022-01484-5}
}

@article{stirling2022,
author = {Julian Stirling and Kaspar Bumke and Joel Collins and Vimal Dhokia and Richard Bowman},
title = {HardOps: utilising the software development toolchain for hardware design},
journal = {International Journal of Computer Integrated Manufacturing},
volume = {0},
number = {0},
pages = {1-13},
year  = {2022},
publisher = {Taylor & Francis},
doi = {10.1080/0951192X.2022.2028188},

URL = { 
        https://doi.org/10.1080/0951192X.2022.2028188
    
},
eprint = { 
        https://doi.org/10.1080/0951192X.2022.2028188
    
}

}



@article{peng2011,
	author = {Peng, Roger D.},
	title = {Reproducible Research in Computational Science},
	volume = {334},
	number = {6060},
	pages = {1226--1227},
	year = {2011},
	doi = {10.1126/science.1213847},
	publisher = {American Association for the Advancement of Science},
	issn = {0036-8075},
	journal = {Science}
}

	URL = {https://science.sciencemag.org/content/334/6060/1226},
	eprint = {https://science.sciencemag.org/content/334/6060/1226.full.pdf},






